<?xml version="1.0" encoding="UTF-8"?><collection xmlns="http://www.loc.gov/MARC21/slim"><record><leader>00487nam--2200133-i-4500</leader><controlfield tag="001">000046270</controlfield><controlfield tag="002">20161230</controlfield><controlfield tag="005">20161230201045</controlfield><controlfield tag="008">060222s1000------------r-----000-0-eng-d</controlfield><datafield ind1=" " ind2=" " tag="100"><subfield code="a">Van Zurk, R</subfield></datafield><datafield ind1=" " ind2=" " tag="245"><subfield code="a">Realisation d`un nouveau convertisseur temps amplitude a diodes `tunnel` ameliorant la spectrometrie des neutrons rapides par temps de vol. les echelles rapides a transistors</subfield></datafield><datafield ind1=" " ind2=" " tag="260"><subfield code="a">Grenoble, La Faculte Des Sciences De L`Univ., 1963, I+39p</subfield></datafield><datafield ind1=" " ind2=" " tag="490"><subfield code="a">Theses</subfield></datafield><datafield ind1=" " ind2=" " tag="852"><subfield code="a">22822</subfield></datafield></record></collection>